@article{ratcliffe2008near,
    title={Near-repeat patterns in Philadelphia shootings},
    author={Ratcliffe, Jerry H and Rengert, George F},
    journal={Security Journal},
    volume={21},
    number={1-2},
    pages={58--76},
    year={2008},
    publisher={Springer}
}

@article{wells2011patterns,
    title={Patterns of near-repeat gun assaults in Houston},
    author={Wells, William and Wu, Ling and Ye, Xinyue},
    journal={Journal of Research in Crime and Delinquency},
    pages={0022427810397946},
    year={2011},
    publisher={Sage Publications}
}

@ARTICLE{
    johnson5,
    author  = "Shane D. Johnson and Kate J. Bowers",
    title   = "The Burglary as Clue to the Future The Beginnings of Prospective Hot-Spotting",
    journal = "European Journal of Criminology",
    year    = "2004",
    volume  = "1",
    number  = "2",
    pages   = "237-255",
    month   = "apr"
}

@ARTICLE{
    knox1,
        author  = "E. G. Knox and M. S. Bartlett",
        title   = "The Detection of Space-Time Interactions",
        journal = "Journal of the Royal Statistical Society. Series C (Applied Statistics)",
        year    = "1964",
        volume  = "13",
        number  = "1",
        pages   = "25-30",
        month   = "apr"
}

@Article{
    Porter1,
        author="Porter, L. E. and Graycar, A.",
        title="Hotspots of corruption",
        journal="Secur J",
        year="",
        month="",
        publisher="Palgrave Macmillan",
        volume="",
        number="",
        pages="--",
        issn="0955-1662",
        url="http://dx.doi.org/10.1057/sj.2013.38"
}


@article{townsley2003infectious,
    title={Infectious burglaries. A test of the near repeat hypothesis},
    author={Townsley, Michael and Homel, Ross and Chaseling, Janet},
    journal={British Journal of Criminology},
    volume={43},
    number={3},
    pages={615--633},
    year={2003},
    publisher={CCJS}
}

@article{birant2007st,
    title={ST-DBSCAN: An algorithm for clustering spatial--temporal data},
    author={Birant, Derya and Kut, Alp},
    journal={Data \& Knowledge Engineering},
    volume={60},
    number={1},
    pages={208--221},
    year={2007},
    publisher={Elsevier}
}

@inproceedings{
    Neill1,
    author = {Neill, Daniel B. and Moore, Andrew W. and Sabhnani, Maheshkumar and Daniel, Kenny},
    title = {Detection of Emerging Space-time Clusters},
    booktitle = {Proceedings of the Eleventh ACM SIGKDD International Conference on Knowledge Discovery in Data Mining},
    series = {KDD '05},
    year = {2005},
    isbn = {1-59593-135-X},
    location = {Chicago, Illinois, USA},
    pages = {218--227},
    numpages = {10},
    url = {http://doi.acm.org/10.1145/1081870.1081897},
    doi = {10.1145/1081870.1081897},
    acmid = {1081897},
    publisher = {ACM},
    address = {New York, NY, USA},
    keywords = {biosurveillance, cluster detection, space-time scan statistics},
} 

@ARTICLE{
    GU1,
        author  = "Gu, Y., Wang, Q., Yi, G.",
        title   = "Stationary patterns and their selection mechanism of  Urban crime models with heterogeneous near--repeat victimization effect. arXiv",
        journal = "Urban crime models with heterogeneous near--repeat victimization effect. arXiv preprint   arXiv:1409.0835.",
        year    = "2014",
        month   = "jan"
}

@ARTICLE{
    keenland-vetter,
        author={Vetter, J.S. and Glassbrook, R. and Dongarra, J. and Schwan, K. and Loftis, B. and McNally, S. and Meredith, J. and Rogers, J. and Roth, P. and Spafford, K. and Yalamanchili, S.},
        journal={Computing in Science Engineering},
        title={Keeneland: Bringing Heterogeneous GPU Computing to the Computational Science Community},
        year={2011},
        month={sept.-oct. },
        volume={13},
        number={5},
        pages={90 -95},
}

@ARTICLE{
    kate1,
        author  = "Kate J. Bowers and Shane D. Johnson",
        title   = "Domestic Burglary Repeats and Space-Time Clusters The Dimensions of Risk",
        journal = "European Journal of Criminology",
        year    = "2005",
        volume  = "2",
        number  = "1",
        pages   = "67-92",
        month   = "jan"
}

@ARTICLE{
    summers1,
        author  = "Summers, L. and  Johnson, S. D. and  Rengert, G. F.",
        title   = "The use of maps in offender interviewing’",
        journal = "Offenders on Offending: Learning about crime from criminals",
        year    = "2010",
        month   = "jan"
}

@article{
    johnson1,
        author = {Johnson, Shane D. and Summers, Lucia and Pease, Ken},
        citeulike-article-id = {3798119},
        citeulike-linkout-0 = {http://dx.doi.org/10.1007/s10940-008-9060-8},
        citeulike-linkout-1 = {http://www.springerlink.com/content/v07p1616l5576433},
        day = {1},
        doi = {10.1007/s10940-008-9060-8},
        issn = {0748-4518},
        journal = {Journal of Quantitative Criminology},
        keywords = {criminology, environmental, foraging},
        month = jun,
        number = {2},
        pages = {181--200},
        posted-at = {2010-01-16 17:16:58},
        priority = {0},
        title = {{Offender as forager: A direct test of the boost account of victimization}},
        url = {http://dx.doi.org/10.1007/s10940-008-9060-8},
        volume = {25},
        year = {2009}
}

@ARTICLE{
    ned1,
        author  = "Ned Levine",
        title   = "CrimeStat: A Spatial Statistics Program for the Analysis of Crime Incident Locations (v 3.3)",
        journal = "Ned Levine \& Associates, Houston, TX, and the National Institute of Justice, Washington, DC.",
        year    = "2010",
    month   = "jul"
}

@article{ratcliffe2009near,
    title={Near repeat calculator (version 1.3)},
    author={Ratcliffe, Jerry H},
    journal={Temple University, Philadelphia, PA and the National Institute of Justice, Washington, DC},
    year={2009}
}

@article{
    johnson2,
    year={2007},
    issn={0748-4518},
    journal={Journal of Quantitative Criminology},
    volume={23},
    number={3},
    doi={10.1007/s10940-007-9025-3},
    title={Space–Time Patterns of Risk: A Cross National Assessment of Residential Burglary Victimization},
    url={http://dx.doi.org/10.1007/s10940-007-9025-3},
    publisher={Kluwer Academic Publishers-Plenum Publishers},
    keywords={Burglary risk; Space–time clustering; Cross national comparison; Monte-Carlo simulation},
    author={Johnson, ShaneD. and Bernasco, Wim and Bowers, KateJ. and Elffers, Henk and Ratcliffe, Jerry and Rengert, George and Townsley, Michael},
    pages={201-219},
    language={English}
}

@ARTICLE{
    johnson3,
        author  = "Shane D. Johnson and Kate J. Bowers",
        title   = "Stability of Space-Time Clusters of Burglary",
        journal = "British Journal of Criminology",
        year    = "2004",
        volume  = "44",
        number  = "1",
        pages   = "55-65",
        month   = "jan"
}

@book{
    bailey1,
        title={Interactive spatial data analysis},
        author={Bailey, T.C. and Gatrell, A.C.},
        isbn={9780582244931},
        lccn={lc95009053},
        url={https://books.google.com/books?id=WwbvAAAAMAAJ},
        year={1995},
        publisher={Longman Scientific \& Technical}
}

@book{
    diggle1993second,
        title={Second-order Analysis of Space-time Clustering},
        author={Diggle, P.J. and Chetwynd, A.G. and H{\"a}ggkvist, R.},
        series={Department. of Mathematics: Matematiska Institutionen},
        url={https://books.google.com/books?id=sOIIMgAACAAJ},
        year={1993},
        publisher={University of Ume{\aa}, Department of Mathematics}
}

@article{
    johnson4,
        year={2008},
        issn={1573-3750},
        journal={Journal of Experimental Criminology},
        volume={4},
        number={3},
        doi={10.1007/s11292-008-9055-3},
        title={Repeat burglary victimisation: a tale of two theories},
        url={http://dx.doi.org/10.1007/s11292-008-9055-3},
        publisher={Springer Netherlands},
        keywords={Burglary; Computer simulation; Power-law; Repeat victimisation; Theory testing},
        author={Johnson, ShaneD.},
        pages={215-240},
        language={English}
}

@article{short2009measuring,
    title={Measuring and modeling repeat and near-repeat burglary effects},
    author={Short, Martin B and D’orsogna, Maria R and Brantingham, PJ and Tita, George E},
    journal={Journal of Quantitative Criminology},
    volume={25},
    number={3},
    pages={325--339},
    year={2009},
    publisher={Springer}
}

@article{mohler2012self,
    title={Self-exciting point process modeling of crime},
    author={Mohler, George O and Short, Martin B and Brantingham, P Jeffrey and Schoenberg, Frederic Paik and Tita, George E},
    journal={Journal of the American Statistical Association},
    year={2012},
    publisher={Taylor \& Francis}
}

@article{short2008statistical,
    title={A statistical model of criminal behavior},
    author={Short, Martin B and D'ORSOGNA, Maria R and Pasour, Virginia B and Tita, George E and Brantingham, Paul J and Bertozzi, Andrea L and Chayes, Lincoln B},
    journal={Mathematical Models and Methods in Applied Sciences},
    volume={18},
    number={supp01},
    pages={1249--1267},
    year={2008},
    publisher={World Scientific}
}

@article{short2010dissipation,
    title={Dissipation and displacement of hotspots in reaction-diffusion models of crime},
    author={Short, Martin B and Brantingham, P Jeffrey and Bertozzi, Andrea L and Tita, George E},
    journal={Proceedings of the National Academy of Sciences},
    volume={107},
    number={9},
    pages={3961--3965},
    year={2010},
    publisher={National Acad Sciences}
}

@article{gu2014stationary,
    title={Stationary patterns and their selection mechanism of Urban crime models with heterogeneous near--repeat victimization effect},
    author={Gu, Yu and Wang, Qi and Yi, Guangzeng},
    journal={arXiv preprint arXiv:1409.0835},
    year={2014}
}

@article{cohen2009graph,
    title={Graph twiddling in a MapReduce world},
    author={Cohen, Jonathan},
    journal={Computing in Science \& Engineering},
    volume={11},
    number={4},
    pages={29--41},
    year={2009},
    publisher={AIP Publishing}
}

@article{cohen2008trusses,
    title={Trusses: Cohesive subgraphs for social network analysis},
    author={Cohen, Jonathan},
    journal={National Security Agency Technical Report},
    pages={16},
    year={2008}
}

@article{wang2012truss,
    title={Truss decomposition in massive networks},
    author={Wang, Jia and Cheng, James},
    journal={Proceedings of the VLDB Endowment},
    volume={5},
    number={9},
    pages={812--823},
    year={2012},
    publisher={VLDB Endowment}
}

@article{huangtruss,
    title={Truss Decomposition of Probabilistic Graphs: Semantics and Algorithms},
    author={Huang, Xin and Lu, Wei and Lakshmanan, Laks VS}
}

@inproceedings{huang2014querying,
    title={Querying k-truss community in large and dynamic graphs},
    author={Huang, Xin and Cheng, Hong and Qin, Lu and Tian, Wentao and Yu, Jeffrey Xu},
    booktitle={Proceedings of the 2014 ACM SIGMOD international conference on Management of data},
    pages={1311--1322},
    year={2014},
    organization={ACM}
}


@article{buchroithner2016geodetic,
  title={Geodetic grids in authoritative maps--new findings about the origin of the UTM Grid},
  author={Buchroithner, Manfred F and Pfahlbusch, Ren{\'e}},
  journal={Cartography and Geographic Information Science},
  pages={1--15},
  year={2016},
  publisher={Taylor \& Francis}
}

@book{guttman1984r,
  title={R-trees: a dynamic index structure for spatial searching},
  author={Guttman, Antonin},
  volume={14},
  number={2},
  year={1984},
  publisher={ACM}
}

@article{batagelj2003m,
  title={An O (m) algorithm for cores decomposition of networks},
  author={Batagelj, Vladimir and Zaversnik, Matjaz},
  journal={arXiv preprint cs/0310049},
  year={2003}
}

@article{cohen2008trusses,
  title={Trusses: Cohesive subgraphs for social network analysis},
  author={Cohen, Jonathan},
  journal={National Security Agency Technical Report},
  pages={16},
  year={2008}
}

@incollection{bomze1999maximum,
  title={The maximum clique problem},
  author={Bomze, Immanuel M and Budinich, Marco and Pardalos, Panos M and Pelillo, Marcello},
  booktitle={Handbook of combinatorial optimization},
  pages={1--74},
  year={1999},
  publisher={Springer}
}
_
@book{cormen2009introduction,
  title={Introduction to algorithms},
  author={Cormen, Thomas H},
  year={2009},
  publisher={MIT press}
}

@article{saad1990sparskit,
  title={SPARSKIT: A basic tool kit for sparse matrix computations},
  author={Saad, Youcef},
  year={1990}
}

@book{siek2001boost,
  title={Boost Graph Library: User Guide and Reference Manual, The},
  author={Siek, Jeremy G and Lee, Lie-Quan and Lumsdaine, Andrew},
  year={2001},
  publisher={Pearson Education}
}

@article{amazon2015amazon,
  title={Amazon web services},
  author={Amazon, EC},
  journal={Available in: http://aws. amazon. com/es/ec2/(November 2012)},
  year={2015}
}

@article{konc2007improved,
  title={An improved branch and bound algorithm for the maximum clique problem},
  author={Konc, Janez and Janezic, Du{\v{s}}anka},
  journal={proteins},
  volume={4},
  number={5},
  year={2007}
}

@article{watts1998collective,
  title={Collective dynamics of ?small-world?networks},
  author={Watts, Duncan J and Strogatz, Steven H},
  journal={nature},
  volume={393},
  number={6684},
  pages={440--442},
  year={1998},
  publisher={Nature Publishing Group}
}

@inproceedings{du2006parallel,
  title={A parallel algorithm for enumerating all maximal cliques in complex network},
  author={Du, Nan and Wu, Bin and Xu, Liutong and Wang, Bai and Pei, Xin},
  booktitle={Sixth IEEE International Conference on Data Mining-Workshops (ICDMW'06)},
  pages={320--324},
  year={2006},
  organization={IEEE}
}

@article{rossi2013parallel,
  title={Parallel maximum clique algorithms with applications to network analysis and storage},
  author={Rossi, Ryan A and Gleich, David F and Gebremedhin, Assefaw H and Patwary, Md and Ali, Mostofa},
  journal={arXiv preprint arXiv:1302.6256},
  year={2013}
}

@article{montresor2013distributed,
  title={Distributed k-core decomposition},
  author={Montresor, Alberto and De Pellegrini, Francesco and Miorandi, Daniele},
  journal={IEEE Transactions on parallel and distributed systems},
  volume={24},
  number={2},
  pages={288--300},
  year={2013},
  poublisher={IEEE}
}

@inproceedings{jiang2014parallel,
  title={Parallel peeling algorithms},
  author={Jiang, Jiayang and Mitzenmacher, Michael and Thaler, Justin},
  booktitle={Proceedings of the 26th ACM symposium on Parallelism in algorithms and architectures},
  pages={319--330},
  year={2014},
  organization={ACM}
}

@inproceedings{shao2014efficient,
  title={Efficient cohesive subgraphs detection in parallel},
  author={Shao, Yingxia and Chen, Lei and Cui, Bin},
  booktitle={Proceedings of the 2014 ACM SIGMOD International Conference on Management of Data},
  pages={613--624},
  year={2014},
  organization={ACM}
}

@inproceedings{townsley2007near,
  title={Near repeat burglary chains: describing the physical and network properties of a network of close burglary pairs},
  author={Townsley, Michael},
  booktitle={Crime Hot Spots: behavioral, computation, and mathematical models symposium},
  volume={1},
  number={31},
  pages={2007},
  year={2007}
}

@article{watts1998collective,
    title={Collective dynamics of ‘small-world’networks},
    author={Watts, Duncan J and Strogatz, Steven H},
    journal={nature},
    volume={393},
    number={6684},
    pages={440--442},
    year={1998},
    publisher={Nature Publishing Group}
}

@article{faloutsos29power,
    title={On power-law relationships of the Internet topology, 1999},
    author={Faloutsos, M and Faloutsos, P and Faloutsos, C},
    journal={Comput. Commun. Rev},
    volume={29},
    pages={251}
}

@article{dean2008mapreduce,
    title={MapReduce: simplified data processing on large clusters},
    author={Dean, Jeffrey and Ghemawat, Sanjay},
    journal={Communications of the ACM},
    volume={51},
    number={1},
    pages={107--113},
    year={2008},
    publisher={ACM}
}

@inproceedings{ghemawat2003google,
    title={The Google file system},
    author={Ghemawat, Sanjay and Gobioff, Howard and Leung, Shun-Tak},
    booktitle={ACM SIGOPS operating systems review},
    volume={37},
    number={5},
    pages={29--43},
    year={2003},
    organization={ACM}
}

@article{deyhim2013best,
    title={Best Practices for Amazon EMR},
    author={Deyhim, Parviz},
    journal={Technical report},
    year={2013}
}

@inproceedings{palankar2008amazon,
    title={Amazon S3 for science grids: a viable solution?},
    author={Palankar, Mayur R and Iamnitchi, Adriana and Ripeanu, Matei and Garfinkel, Simson},
    booktitle={Proceedings of the 2008 international workshop on Data-aware distributed computing},
    pages={55--64},
    year={2008},
    organization={ACM}
}

@article{White2010Hadoop,
  title={Hadoop: The Definitive Guide},
  author={White, Tom},
  journal={O’reilly Media Inc Gravenstein Highway North},
  volume={215},
  number={11},
  pages={1 - 4},
  year={2010},
}

@misc{dcdata,
  title = {District of Columbia Open Data},
  howpublished = {\url{http:// opendata.dc.gov/ datasets?q=crime\&sort_by=relevance}},
  note = {Accessed: 2016-10-22}
}

@misc{nydata,
  title = {Historical New York City Crime Data},
  howpublished = {\url{http:// www.nyc.gov/html/nypd/html/ analysis_and_planning/ historical_nyc_crime_data.shtml}},
  note = {Accessed: 2016-10-22}
}

@misc{chidata,
  title = {City of Chicago Data Portal},
  howpublished = {\url{https:// data.cityofchicago.org/ Public-Safety/Crimes-2001-to-present /ijzp-q8t2/data}},
  note = {Accessed: 2016-10-22}
}

@inproceedings{Gan2015DBSCAN,
    title={DBSCAN Revisited},
    author={Gan, Junhao and Tao, Yufei},
    booktitle={ACM SIGMOD International Conference},
    year={2015},
}
