@misc{references1-Illustrated tntroduction,
   author = {A. Gal},
   title = {The Tangle: an Illustrated Introduction},
   howpublished = {\url{https://blog.iota.org/the-tangle-an-illustrated-introduction-4d5eae6fe8d4}}
}

@misc{references2-PoW on the Tangle,
   author = {I. o. doc},
   title = {PoW on the Tangle},
   howpublished = {\url{https://docs.iota.org/introduction/tangle/proof-of-work}}
}

@misc{references3-about IOTA,
   author = {M. Wind},
   title = {Everything you didn’t know about IOTA},
   howpublished = {\url{https://medium.com/@mistywind/iota-fud-answered-by-a-non-techie-enthusiast-2312325fddb6}}
}

@misc{references4-Iota consensus presentation,
   author = {noneymous},
   title = {iota-consensus-presentation},
   howpublished = {\url{https://github.com/noneymous/iota-consensus-presentation}}
}

@misc{references5-the advantages and disadvantages of the consensus mechanism of blockchain,
   author = {Wang Tao},
   title = {Technology veterans vomiting blood sharing: about the advantages and disadvantages of the consensus mechanism of blockchain},
   howpublished = {\url{http://www.huoxing24.com/newsdetail/2018032521054168745.html}}
}

@misc{references6-DAG,
   author = {Xdag Communicate the community},
   title = {10 minutes to understand the transition technology of blockchain——DAG},
   howpublished = {\url{ https://www.jinse.com/bitcoin/254086.html}}
}

@misc{references-DAG Technology Analysis and Measurement,
   author = {Fire Coin Network},
   title = {[Beyond White Paper 3] DAG Technology Analysis and Measurement," [Online]},
   howpublished = {\url{https://www.jinse.com/bitcoin/212928.html}}
}

@misc{references8-IOTA Introduction and Improvements,
   author = {X. Qian},
   title = {IOTA Introduction and Improvements},
   howpublished = {\url{https://zhuanlan.zhihu.com/p/33009843}}
}

@misc{references9-Confirmation rates in the Tangle,
   author = {A. Gal},
   title = {Confirmation rates in the Tangle},
   howpublished = {\url{https://blog.iota.org/confirmation-rates-in-the-tangle-186ef02878bb}}
}

@misc{references10-IOTA Tangle,
   author = {J. Hu},
   title = {IOTA Tangle: Introductory overview of white paper for Beginners},
   howpublished = {\url{https://hackernoon.com/iota-tangle-introductory-overview-of-white-paper-for-beginners-df9b14882b64}}
}

@misc{references11-Cryptographic vulnerabilities in IOTA,
   author = {N. Narula},
   title = {Cryptographic vulnerabilities in IOTA},
   howpublished = {\url{Cryptographic vulnerabilities in IOTA}}
}

@misc{references12-S.Popov,
   author = {S. Popov},
   title = {On the Tangle, White Papers, Proofs, Airplanes, and Local Modifiers},
   howpublished = {\url{https://blog.iota.org/on-the-tangle-white-papers-proofs-airplanes-and-local-modifiers-44683aff8fea}}
}

@INBOOK{references13-BOOK:psychometrika,
    AUTHOR="l. katz",
    TITLE="A NEW STATUS INDEX DERIVED FROM SOCIOMETRIC ANALYSIS",
    PUBLISHER="psychometrika",
PAGES="1, 3",
YEAR="1953",
}

@ARTICLE{references14-ARTICLE:Social Network Analysis and Mining,
    AUTHOR="D. B. Eisha Nathan",
    TITLE="Incrementally updating Katz centrality in dynamic graphs",
    JOURNAL="Social Network Analysis and Mining",
    YEAR="2018",
}

@misc{references15-S.Popov,
   author = {S. Popov},
   title = {On the Tangle, White Papers, Proofs, Airplanes, and Local Modifiers},
   howpublished = {\url{https://blog.iota.org/on-the-tangle-white-papers-proofs-airplanes-and-local-modifiers-44683aff8fea}}
}

@misc{references16-the simple parasite chain,
   author = {B. Kuśmierz},
   title = {Attack analysis - the simple parasite chain},
   howpublished = {\url{https://blog.iota.org/attack-analysis-the-simple-parasite-chain-42a34bfeaf23}}
}

@INBOOK{references17-BOOK:Methods and Applications,
    AUTHOR="R. Y. J. L. William L. Hamilton",
    TITLE="Representation Learning on Graphs: Methods and Applications",
    PUBLISHER="psychometrika",
PAGES="1709.05584",
YEAR="2017",
}

@ARTICLE{references18-ARTICLE:The Tangle V 1.4.3,
    AUTHOR="S. Popov",
    TITLE="The Tangle V 1.4.3",
    JOURNAL="N/A",
    YEAR="2018",
}

@ARTICLE{references19-ARTICLE:IOTA Foundation,
    AUTHOR="SB. K. ́. P. S. A. Gal",
    TITLE="Extracting Tangle Properties in Continuous Time via Large-Scale Simulations",
    JOURNAL=" IOTA Foundation",
    YEAR="2018",
}

@misc{references20-IRI 1.5.0,
   author = {J. Cech},
   title = {IRI 1.5.0 — New tip selection algorithm and other improvements},
   howpublished = {\url{https://blog.iota.org/new-tip-selection-algorithm-in-iri-1-5-0-61294c1df6f1}}
}

@misc{references21-IOTA Tangle visualization,
   author = {I. foundation},
   title = {IOTA Tangle visualization},
   howpublished = {\url{https://public-qnbiiqwyqj.now.sh}}
}

@misc{references22-IOTA accelerates application landing,
   author = {Ms. Miss City},
   title = {Can a directed Acyclic DAG become an IoT backbone network? IOTA accelerates application landing},
   howpublished = {\url{https://zhuanlan.zhihu.com/p/39928206}}
}

@misc{references23-playing with randomness,
   author = {A. Gal},
   title = {Alpha: playing with randomness},
   howpublished = {\url{https://blog.iota.org/alpha-d176d7601f1c}}
}

@misc{references24-Validity in the Tangle,
   author = {C. Shikhelman},
   title = {Validity in the Tangle: The good, the bad, and the ugly},
   howpublished = {\url{https://blog.iota.org/validity-in-the-tangle-the-good-the-bad-and-the-ugly-98bd3b53408a}}
}
